@article{data_base,
	author = {И. П. Карпова},
	title = {Базы данных. Курс лекций и материалов для практиечских заданий. Учебное пособие},
	year = {2013},
	pages = {7},
}

@article{dbms,
	author = {Соколов, В. А.},
	title = {Современные системы управления базами данных},
	journal = {Экономика и социум},
	year = {2017},
	number = {9},
}

@article{music_for_youth,
	author = {Воробьев, Ю. Л. and Милорадова, И. Н.},
	title = {Влияние музыки на формирование личности в эпоху интернет},
	journal = {Известия ТулГУ},
	year = {2011},
	number = {1},
}

@article{music_and_it,
	author = {Катаев, П. В.},
	title = {Музыкальные медиа в сетевом обществе: возможности и вызовы функционального многообразия},
	journal = {Вестник Пермского Университета},
	year = {2018},
	number = {1},
}



@article{music_stat,
	author = {Кобцева, Е.А. and Прокопец, Т.Н.},
	title = {РАЗВИТИЕ МУЗЫКАЛЬНОЙ ИНДУСТРИИ В РОССИИ И ЗА РУБЕЖОМ},
}

@article{voroneg,
	author = {Сергеева, Т. И. and Сергеев, М. Ю.},
	title = {Базы данных: модели данных, проектирование, язык SQL},
	journal = {ФГБОУ ВПО «Воронежский государственный технический университет»},
	year = {2012},
}

@article{strokovie_and_kolonochnie_bd,
	author = {Григорьев, Ю. А. and Ермаков, Е. Ю.},
	title = {Сравнение процессов обработки запроса к одной таблице в параллельной строчной и колоночной системе баз данных},
	journal = {Инженерный журнал: наука и инновации},
	year = {2012},
	number = {3},
}